<record><leader>00000cas a22000007a 4500</leader><controlfield tag="001">25425400</controlfield><controlfield tag="008">920310d19561967nyuwr ne      0    0eng d</controlfield><datafield ind1=" " ind2=" " tag="010"><subfield code="a">sn 92061498 </subfield></datafield><datafield ind1=" " ind2=" " tag="040"><subfield code="a">NYS</subfield><subfield code="b">eng</subfield><subfield code="c">NYS</subfield><subfield code="d">OCLCQ</subfield></datafield><datafield ind1=" " ind2=" " tag="042"><subfield code="a">msc</subfield></datafield><datafield ind1="0" ind2="0" tag="245"><subfield code="a">Wappingers &amp; Southern Dutchess news.</subfield></datafield><datafield ind1="3" ind2="0" tag="246"><subfield code="a">Wappingers and Southern Dutchess news</subfield></datafield><datafield ind1="1" ind2="3" tag="246"><subfield code="a">Wappingers - Southern Dutchess news</subfield></datafield><datafield ind1=" " ind2=" " tag="260"><subfield code="a">Wappingers Falls, N.Y. :</subfield><subfield code="b">Herman and Beatrice Osten,</subfield><subfield code="c">1956-1967.</subfield></datafield><datafield ind1=" " ind2=" " tag="300"><subfield code="a">12 v.</subfield></datafield><datafield ind1=" " ind2=" " tag="310"><subfield code="a">Weekly</subfield></datafield><datafield ind1="0" ind2=" " tag="362"><subfield code="a">Vol. 5, no. 8 (Feb. 21, 1956)-v. 15, no. 9 (Mar. 2, 1967).</subfield></datafield><datafield ind1=" " ind2=" " tag="500"><subfield code="a">"Wappingers Falls, Fishkill, Hopewell Junction, So. Poughkeepsie, New Hamburg, Hughsonville, Chelsea, Red Oaks Mill, New Hackensack."</subfield></datafield><datafield ind1=" " ind2=" " tag="515"><subfield code="a">Volume numbering irregular.</subfield></datafield><datafield ind1=" " ind2="4" tag="651"><subfield code="a">Wappingers Falls (N.Y.)</subfield><subfield code="v">Newspapers.</subfield></datafield><datafield ind1=" " ind2="4" tag="651"><subfield code="a">Dutchess County (N.Y.)</subfield><subfield code="v">Newspapers.</subfield></datafield><datafield ind1=" " ind2=" " tag="752"><subfield code="a">United States</subfield><subfield code="b">New York</subfield><subfield code="c">Dutchess</subfield><subfield code="d">Wappingers Falls.</subfield></datafield><datafield ind1="0" ind2="0" tag="780"><subfield code="t">Wappingers Falls shopper &amp; Southern Dutchess news</subfield><subfield code="w">(DLC)sn 92061497</subfield><subfield code="w">(OCoLC)25425186</subfield></datafield><datafield ind1="0" ind2="0" tag="785"><subfield code="t">Southern Dutchess news</subfield><subfield code="w">(DLC)sn 79007061</subfield><subfield code="w">(OCoLC)5095560</subfield></datafield><datafield ind1="1" ind2=" " tag="029"><subfield code="a">AU@</subfield><subfield code="b">000020706452</subfield></datafield></record>